@inproceedings{179773,
address = {Seattle, WA},
author = {Jeong, EunYoung and Wood, Shinae and Jamshed, Muhammad and Jeong, Haewon and Ihm, Sunghwan and Han, Dongsu and Park, KyoungSoo},
booktitle = {11th USENIX Symposium on Networked Systems Design and Implementation (NSDI 14)},
file = {:home/adamiaonr/Dropbox/Workbench/PhD/documentation/nsdi14-paper-jeong.pdf:pdf},
isbn = {978-1-931971-09-6},
pages = {489--502},
publisher = {USENIX Association},
title = {{mTCP: a Highly Scalable User-level TCP Stack for Multicore Systems}},
url = {https://www.usenix.org/conference/nsdi14/technical-sessions/presentation/jeong},
year = {2014}
}
@inproceedings{Zhou:2013:SHP:2535372.2535379,
address = {New York, NY, USA},
author = {Zhou, Dong and Fan, Bin and Lim, Hyeontaek and Kaminsky, Michael and Andersen, David G},
booktitle = {Proceedings of the Ninth ACM Conference on Emerging Networking Experiments and Technologies},
doi = {10.1145/2535372.2535379},
file = {:home/adamiaonr/Dropbox/Workbench/PhD/documentation/p97-zhou.pdf:pdf},
isbn = {978-1-4503-2101-3},
keywords = {cuckoo hashing,scalability,software switch},
pages = {97--108},
publisher = {ACM},
series = {CoNEXT '13},
title = {{Scalable, High Performance Ethernet Forwarding with CuckooSwitch}},
url = {http://doi.acm.org/10.1145/2535372.2535379},
year = {2013}
}
@misc{Trossen2013,
author = {Trossen, Dirk},
booktitle = {Discussions on PURSUIT FP7 EU Project},
pages = {1},
title = {{Stateless Forwarding – A Boring Challenge?}},
url = {http://www.fp7-pursuit.eu/PursuitWeb/?cat=6},
year = {2013}
}
@misc{Brouer2014,
author = {Brouer, Jesper Dangaard and Sowa, Hannes Frederic and Borkmann, Daniel and Westphal, Florian},
file = {:home/adamiaonr/Dropbox/Workbench/PhD/documentation/dp-accel-10G-challenge.pdf:pdf},
pages = {1--33},
title = {{Challenge 10Gbit/s}},
url = {http://people.netfilter.org/hawk/presentations/nfws2014/dp-accel-10G-challenge.pdf},
urldate = {May 2015},
year = {2014}
}
@misc{rfc4347,
annote = {Obsoleted by RFC 6347, updated by RFC 5746},
author = {Rescorla, E and Modadugu, N},
howpublished = {RFC 4347 (Proposed Standard)},
institution = {Internet Engineering Task Force},
month = apr,
number = {4347},
publisher = {IETF},
series = {Request for Comments},
title = {{Datagram Transport Layer Security}},
url = {http://www.ietf.org/rfc/rfc4347.txt},
year = {2006}
}
@misc{Rump2015,
author = {Rump Kernel Project},
pages = {1},
title = {{Rump Kernels}},
url = {http://rumpkernel.org/},
urldate = {May 2015},
year = {2014}
}
@misc{Nuse2015,
author = {Han, Sangjin},
pages = {1},
title = {{NUSE: Networking Stack in Userspace?}},
url = {https://www.eecs.berkeley.edu/~sangjin/2013/01/14/NUSE.html},
urldate = {May 2015},
year = {2014}
}
@inproceedings{Kantee2009,
author = {Kantee, Antti},
booktitle = {Asia BSDCON 2009},
file = {:home/adamiaonr/Dropbox/Workbench/PhD/documentation/abc2009-P5A-paper.pdf:pdf},
pages = {1--10},
title = {{Environmental Independence : BSD Kernel TCP / IP in Userspace}},
url = {https://2009.asiabsdcon.org/papers/abc2009-P5A-paper.pdf},
year = {2009}
}
@ARTICLE{6679287, 
author={Akhoondi, M. and Yu, C. and Madhyastha, H.V.}, 
journal={Networking, IEEE/ACM Transactions on}, 
title={LASTor: A Low-Latency AS-Aware Tor Client}, 
year={2014}, 
month={Dec}, 
volume={22}, 
number={6}, 
pages={1742-1755}, 
doi={10.1109/TNET.2013.2291242}, 
ISSN={1063-6692},}
@INPROCEEDINGS{Sherr10a3:an,
author = {Micah Sherr and Andrew Mao and William R. Marczak and Wenchao Zhou and Boon Thau Loo and Micah Sherr and Andrew Mao and William R. Marczak and Wenchao Zhou and Boon Th},
title = {A3: An Extensible Platform for Application-Aware Anonymity},
booktitle = {17th Annual Network \& Distributed System Security Symposium (NDSS},
year = {2010}
}
@MISC{Snader08atune-up,
author = {Robin Snader and et al.},
title = {A Tune-up for Tor: Improving Security and Performance in the Tor Network},
year = {2008}
}
@inproceedings{Jansen:2010:RNT:1866307.1866344,
author = {Jansen, Rob and Hopper, Nicholas and Kim, Yongdae},
title = {Recruiting New Tor Relays with BRAIDS},
booktitle = {Proceedings of the 17th ACM Conference on Computer and Communications Security},
series = {CCS '10},
year = {2010},
isbn = {978-1-4503-0245-6},
location = {Chicago, Illinois, USA},
pages = {319--328},
numpages = {10},
url = {http://doi.acm.org/10.1145/1866307.1866344},
doi = {10.1145/1866307.1866344},
acmid = {1866344},
publisher = {ACM},
address = {New York, NY, USA},
keywords = {anonymous communication, peer-to-peer networks},
} 
@MISC{Jansen_lira:lightweight,
author = {Rob Jansen and Aaron Johnson and Paul Syverson},
title = {LIRA: Lightweight Incentivized Routing for Anonymity},
year = {}
}
@inproceedings {179191,
author = {Michael F. Nowlan and David Isaac Wolinsky and Bryan Ford},
title = {Reducing Latency in Tor Circuits with Unordered Delivery},
booktitle = {Presented as part of the 3rd USENIX Workshop on Free and Open Communications on the Internet},
year = {2013},
location = {Washington, D.C.},
url = {https://www.usenix.org/conference/foci13/workshop-program/presentation/Nowlan},
publisher = {USENIX},
address = {Berkeley, CA}
}
@inproceedings {180706,
author = {Michael F. Nowlan and Nabin Tiwari and Janardhan Iyengar and Syed Obaid Amin and Bryan Ford},
title = {Fitting Square Pegs Through Round Pipes: Unordered Delivery Wire-Compatible with TCP and TLS},
booktitle = {Presented as part of the 9th USENIX Symposium on Networked Systems Design and Implementation (NSDI 12)},
year = {2012},
isbn = {978-931971-92-8},
address = {San Jose, CA},
pages = {383--398},
url = {https://www.usenix.org/conference/nsdi12/technical-sessions/presentation/nowlan},
publisher = {USENIX},
}
@inproceedings {184431,
author = {Rob Jansen and John Geddes and Chris Wacek and Micah Sherr and Paul Syverson},
title = {Never Been KIST: Tor{\textquoteright}s Congestion Management Blossoms with Kernel-Informed Socket Transport},
booktitle = {23rd USENIX Security Symposium (USENIX Security 14)},
year = {2014},
month = Aug,
isbn = {978-1-931971-15-7},
address = {San Diego, CA},
pages = {127--142},
url = {https://www.usenix.org/conference/usenixsecurity14/technical-sessions/presentation/jansen},
publisher = {USENIX Association},
}
@inproceedings{Gopal:2012:TRI:2381966.2381972,
 author = {Gopal, Deepika and Heninger, Nadia},
 title = {Torchestra: Reducing Interactive Traffic Delays over Tor},
 booktitle = {Proceedings of the 2012 ACM Workshop on Privacy in the Electronic Society},
 series = {WPES '12},
 year = {2012},
 isbn = {978-1-4503-1663-7},
 location = {Raleigh, North Carolina, USA},
 pages = {31--42},
 numpages = {12},
 url = {http://doi.acm.org/10.1145/2381966.2381972},
 doi = {10.1145/2381966.2381972},
 acmid = {2381972},
 publisher = {ACM},
 address = {New York, NY, USA},
 keywords = {bittorrent, privacy, tor},
}
@inproceedings{AlSabah:2011:DTO:2032162.2032170,
 author = {AlSabah, Mashael and Bauer, Kevin and Goldberg, Ian and Grunwald, Dirk and McCoy, Damon and Savage, Stefan and Voelker, Geoffrey M.},
 title = {DefenestraTor: Throwing out Windows in Tor},
 booktitle = {Proceedings of the 11th International Conference on Privacy Enhancing Technologies},
 series = {PETS'11},
 year = {2011},
 isbn = {978-3-642-22262-7},
 location = {Waterloo, ON, Canada},
 pages = {134--154},
 numpages = {21},
 url = {http://dl.acm.org/citation.cfm?id=2032162.2032170},
 acmid = {2032170},
 publisher = {Springer-Verlag},
 address = {Berlin, Heidelberg},
}
@INPROCEEDINGS{5230652, 
author={Panchenko, A. and Renner, J.}, 
booktitle={Applications and the Internet, 2009. SAINT '09. Ninth Annual International Symposium on}, 
title={Path Selection Metrics for Performance-Improved Onion Routing}, 
year={2009}, 
month={July}, 
pages={114-120}, 
keywords={Internet;telecommunication network routing;transport protocols;Internet;low-latency anonymity;path selection metrics;performance-improved onion routing;public Tor network;Communication switching;Cryptography;Delay;IP networks;Internet;Network servers;Protection;Routing;Switching circuits;Throughput;Anonymous Communication;Onion Routing;Performance;Privacy;Tor}, 
doi={10.1109/SAINT.2009.26},
}
@inproceedings{Panchenko:2008:PAA:1371602.1371906,
 author = {Panchenko, Andriy and Pimenidis, Lexi and Renner, Johannes},
 title = {Performance Analysis of Anonymous Communication Channels Provided by Tor},
 booktitle = {Proceedings of the 2008 Third International Conference on Availability, Reliability and Security},
 series = {ARES '08},
 year = {2008},
 isbn = {978-0-7695-3102-1},
 pages = {221--228},
 numpages = {8},
 url = {http://dx.doi.org/10.1109/ARES.2008.63},
 doi = {10.1109/ARES.2008.63},
 acmid = {1371906},
 publisher = {IEEE Computer Society},
 address = {Washington, DC, USA},
 keywords = {Anonymous Communication, Network Security, TOR, Onion Routing, Performance Evaluation},
} 
@incollection{Pfitzmann2001,
year={2001},
isbn={978-3-540-41724-8},
booktitle={Designing Privacy Enhancing Technologies},
volume={2009},
series={Lecture Notes in Computer Science},
editor={Federrath, Hannes},
doi={10.1007/3-540-44702-4_1},
title={Anonymity, Unobservability, and Pseudonymity — A Proposal for Terminology},
url={http://dx.doi.org/10.1007/3-540-44702-4_1},
publisher={Springer Berlin Heidelberg},
author={Pfitzmann, Andreas and Köhntopp, Marit},
pages={1-9},
language={English}
}
@article{Reiter:1998:CAW:290163.290168,
 author = {Reiter, Michael K. and Rubin, Aviel D.},
 title = {Crowds: Anonymity for Web Transactions},
 journal = {ACM Trans. Inf. Syst. Secur.},
 issue_date = {Nov. 1998},
 volume = {1},
 number = {1},
 month = nov,
 year = {1998},
 issn = {1094-9224},
 pages = {66--92},
 numpages = {27},
 url = {http://doi.acm.org/10.1145/290163.290168},
 doi = {10.1145/290163.290168},
 acmid = {290168},
 publisher = {ACM},
 address = {New York, NY, USA},
 keywords = {anonymous communication, world-wide-web},
}
@inproceedings{Dingledine:2004:TSO:1251375.1251396,
address = {Berkeley, CA, USA},
author = {Dingledine, Roger and Mathewson, Nick and Syverson, Paul},
booktitle = {Proceedings of the 13th Conference on USENIX Security Symposium - Volume 13},
file = {:home/adamiaonr/Dropbox/Workbench/PhD/documentation/tor-design.pdf:pdf},
pages = {21},
publisher = {USENIX Association},
series = {SSYM'04},
title = {{Tor: The Second-generation Onion Router}},
url = {http://dl.acm.org/citation.cfm?id=1251375.1251396},
year = {2004}
}
@article{Chaum:1981:UEM:358549.358563,
 author = {Chaum, David L.},
 title = {Untraceable Electronic Mail, Return Addresses, and Digital Pseudonyms},
 journal = {Commun. ACM},
 issue_date = {Feb. 1981},
 volume = {24},
 number = {2},
 month = feb,
 year = {1981},
 issn = {0001-0782},
 pages = {84--90},
 numpages = {7},
 url = {http://doi.acm.org/10.1145/358549.358563},
 doi = {10.1145/358549.358563},
 acmid = {358563},
 publisher = {ACM},
 address = {New York, NY, USA},
 keywords = {digital signatures, electronic mail, privacy, public key cryptosystems, security, traffic analysis},
} 
@inproceedings{Murdoch:2005:LTA:1058433.1059390,
address = {Washington, DC, USA},
author = {Murdoch, Steven J and Danezis, George},
booktitle = {Proceedings of the 2005 IEEE Symposium on Security and Privacy},
doi = {10.1109/SP.2005.12},
isbn = {0-7695-2339-0},
pages = {183--195},
publisher = {IEEE Computer Society},
series = {SP '05},
title = {{Low-Cost Traffic Analysis of Tor}},
url = {http://dx.doi.org/10.1109/SP.2005.12},
year = {2005}
}
@unpublished{Christin2013,
archivePrefix = {arXiv},
arxivId = {1207.7139},
author = {Christin, Nicolas},
eprint = {1207.7139},
file = {:home/adamiaonr/Dropbox/Workbench/PhD/documentation/CMUCyLab12018.pdf:pdf},
isbn = {9781450320351},
keywords = {anonymity,electronic commerce,online crime},
pages = {1--27},
title = {{Traveling the Silk Road : A Measurement Analysis of a Large Anonymous Online Marketplace}},
volume = {2012},
year = {2013}
}